@misc{ffmpeg01,
  author = {The FFmpeg developers.},
 title = {\textit{Description}},
  howpublished = {Online},
  note = "\url{https://ffmpeg.org//ffmpeg.html#Description}",
  year={2020},
},
@misc{ffmpeg02,
  author = {The FFmpeg developers.},
 title = {\textit{Detailed Description}},
  howpublished = {Online},
  note = "\url{https://ffmpeg.org//ffmpeg.html#Detailed-description}",
  year={2020},
},
@misc{CameraKit,
  title={CameraKit Documentation - v1.0.0-beta3.11},
  author={},
  isbn={},
   howpublished = {Online},
  note = "\url{https://camerakit.io/docs}",
  year={},
  publisher={}
},
@misc{exoplayer,
  title={Pros and Cons},
  author={},
  isbn={},
   howpublished = {Online},
  note = "\url{https://exoplayer.dev/}",
  year={2019},
  publisher={}
},
@misc{mediaplayer,
  title={Pros and Cons},
  author={},
  isbn={},
   howpublished = {Online},
  note = "\url{https://www.tutorialspoint.com/android/android_mediaplayer.htm}",
  year={2019},
  publisher={}
},
@online{aplikacia1,
  author={The AppGuru},
  title={MP4 Video Cutter And Joiner},
   howpublished = {Online},
  url = "https://play.google.com/store/apps/details?id=grant.mp4.video.edit&gl=SK",
  note = "[Dátum: 19.8.2016]"
},
@online{aplikacia2,
    author    = "Cruz DEv APK",
    title     = "Video Cutter",
     howpublished = {Online},
    url       = "https://play.google.com/store/apps/details?id=cruzapk.video.cutter.editor.mixer.merge",
    note = "[Dátum: 5.10.2017]"
},
@online{aplikacia3,
    author    = "AndroTechMania",
    title     = "Add Audio to Video : Audio Video Mixer",
     howpublished = {Online},
    url       = "https://play.google.com/store/apps/details?id=com.andromania.audiovideomixer&hl=en_US",
    note = "[Dátum: 18.05.2020]"
},
@misc{recycleView,
    author    = "Neznámy autor",
    title     = "Using the RecyclerView",
     howpublished = {Online},
    url       = "https://developer.android.com/training/material/images/RecyclerView.png"
},
@misc{recycleView2,
    author    = "Neznámy autor",
    title     = "RecyclerView",
     howpublished = {Online},
    url       = "https://developer.android.com/reference/androidx/recyclerview/widget/RecyclerView.html",
    note = "[Dátum: 29.04.2020]"
},
@misc{glide,
    author    = "Sam Judd",
    title     = "Glide",
    howpublished = {Online},
    url       = "https://github.com/bumptech/glide",
    note = "[Dátum: 2020]"
}
